@INPROCEEDINGS{Thrun02d,
  AUTHOR         = {Thrun, S.},
  TITLE          = {Particle Filters in Robotics},
  YEAR           = {2002},
  BOOKTITLE      = {Proceedings of the 17th Annual Conference on 
                    Uncertainty in AI (UAI)}
}

@BOOK{
	AUTHOR		  = {Thrun, S., Burgard, W., Fox, D.},
	TITLE			  = {Probabilistic Robotics},
	YEAR			  = {2005},
	PUBLISHER	  = {MIT Press}
}

@MISC{
	AUTHOR		  = {Lipster, R.},
	TITLE			  = {Kalman-Bucy Filter},
	SCHOOL		  = {University of Tel Aviv}
}
