@INPROCEEDINGS{Thrun02d,
  AUTHOR         = {Thrun, S.},
  TITLE          = {Particle Filters in Robotics},
  YEAR           = {2002},
  BOOKTITLE      = {Proceedings of the 17th Annual Conference on 
                    Uncertainty in AI (UAI)}
}

@BOOK{probrob,
	AUTHOR		  = {Thrun, S. and Burgard, W. and Fox, D.},
	TITLE			  = {Probabilistic Robotics},
	YEAR			  = {2005},
	PUBLISHER	  = {MIT Press}
}

@MISC{kalmanderiv,
	AUTHOR		  = {Lipster, R.},
	TITLE			  = {Kalman-Bucy Filter},
	SCHOOL		  = {University of Tel Aviv}
}

@INBOOK{kalfilter,
	AUTHOR		= {Jordan, M.},
	TITLE		= {An Introduction to Probabilistic Graphical Models},
	PUBLISHER	= {University of California, Berkeley},
	YEAR		= {2002},
	CHAPTER		= {15}
}

@BOOK{MCMC,
	AUTHOR		= {Andrieu, C. and de Feritas, N. and Doucet, A. and Jordan,
	M.},
	TITLE		= {An Introduction to MCMC for Machine Learning},
	PUBLISHER	= {Kluwer Academic Publishers},
	YEAR		= {2001}
}

@ARTICLE{RAO,
	AUTHOR	= {Rao, C.R.},
	YEAR		= {1945},
	TITLE		= {Information and accuracy obtainable in estimation of
	statistical parameters},
	JOURNAL	= {Bulletin of the Calcutta Mathematical Society},
	VOLUME	= {37},
	PAGES		= {81-91}
}

@ARTICLE{BLACKWELL,
	AUTHOR	= {Blackwell, D.},
	YEAR		= {1947},
	TITLE		= {Conditional expectation and unbiased sequential estimation},
	JOURNAL	= {Annals of Mathematical Statistics},
	VOLUME	= {18},
	PAGES		= {105-110}
}

@ARTICLE{DPSLAM,
	AUTHOR	= {Eliazar, A. and Parr, R},
	YEAR		= {2003},
	TITLE		= {DP-SLAM: Fast, robust simultaneous localization and mapping
	without predetermined landmarks},
	JOURNAL	= {Proceedings of the International Conference on Artificial
	Intelligence (IJCAI)},
}

@ARTICLE{DPSLAM2,
	AUTHOR	= {Eliazar, A. and Parr, R},
	YEAR		= {2004},
	TITLE		= {DP-SLAM 2.0},
	JOURNAL	= {Proceedings of the International Conference on Robotics and
	Automation (ICRA)},
}

@ARTICLE{FASTSLAM,
	AUTHOR	= {Montemerlo, M. and Thrun, S. and Koller, D. and Wegbreit, B.},
	YEAR		= {2002},
	TITLE		= {FastSLAM: A factored solution to the simultaneous localization
	and mapping problem},
	JOURNAL	= {Proceedings of the AAAI National Conference on Artificial
	Intelligence}
}

@ARTICLE{GMAPPING,
	AUTHOR	= {Grisetti, G. and Stachniss, C. and Wurgard, W.},
	YEAR		= {2006},
	TITLE		= {Improved Techniques for Grid Mapping with Rao-Blackwellized
	Particle Filters},
	JOURNAL	= {IEEE Transactions on Robotics}
}
